@misc{author_2015_guide,
	title = {Author Guide - {IET} Research Journals},
	url = {http://digital-library.theiet.org/journals/author-guide},
	note = {accessed 27 November 2014}
}

@misc{author_2015_length,
	title = {Research journal length policy},
	url = {http://digital-library.theiet.org/files/research_journals_length_policy.pdf},
	note = {accessed 27 November 2014}
}

@misc{author_2015_orcid,
	title = {{ORCID}: Connecting research and researchers},
	url = {http://orcid.org/},
	note = {accessed 3 December 2014}
}

@misc{author_2015_fundref,
	title = {Fundref},
	url = {http://www.crossref.org/fundref/},
	note = {accessed 4 December 2014}
}

@article{smith_2007_the,
	author = {Smith, T. and Jones, M.},
	title = {The title of the paper},
	journal = {IET Syst. Biol.},
	year = 2007,
	volume = 1,
	number = 2,
	pages = {1--7}
}

@article{brown_2012_the,
	author = {Brown, L. and Thomas, H. and James, C. and Smith, T.},
	title = {The title of the paper},
	journal = {IET Communications},
	year = 2012,
	volume = 6,
	number = 5,
	pages = {125--138}
}

@inproceedings{jones_2006_the,
	author = {Jones, L. and Brown, D.},
	title = {The title of the conference paper},
	booktitle = {Proc. Int. Conf. Systems Biology},
	address = {Stockholm, Sweden},
	month = may,
	year = 2006,
	pages = {1--7}
}

@incollection{hodges_2004_the,
	author = {Hodges, A. and Smith, N.},
	title = {The title of the book chapter},
	editor = {Brown, S.},
	series = {Handbook of Systems Biology},
	publisher = {IEE Press},
	year = 2004,
	edition = {1},
	pages = {1--7}
}

@book{harrison_2005_the,
	author = {Harrison, E.A. and Abbott, C.},
	title = {The title of the book},
	publisher = {XYZ Press},
	year = 2006,
	edition = {2}
}

@techreport{iet_2013_report,
	author = {IET.},
	title = {Report Title},
	publisher = {Publisher},
	year = 2013,
	pages = {1--5}
}

@misc{brown_2004_the,
	author = {Brown, F.},
	title = {The title of the patent (if available)},
	howpublished = {British Patent 123456},
	month = jul,
	year = 2004
}

@misc{smith_1925,
	author = {Smith, D. and Hodges, J.},
	howpublished = {British Patent Application 98765},
	year = 1925
}

@phdthesis{abbott_2005_the,
	author = {Abbott, N.L.},
	title = {The title of the thesis},
	school = {XYZ University},
	year = 2005
}

@misc{standard_2006,
	howpublished = {Standard BS1234},
	title = {The title of the standard},
	year = 2006
}